
@article{boente2020robust,
  title={Robust estimation for semi-functional linear regression models},
  author={Boente, Graciela and Salibian-Barrera, Mat{\'\i}as and Vena, Pablo},
  journal={Computational Statistics \& Data Analysis},
  volume={152},
  pages={107041},
  year={2020},
  publisher={Elsevier}
}

@article{yao2005functional,
  title={Functional data analysis for sparse longitudinal data},
  author={Yao, Fang and M{\"u}ller, Hans-Georg and Wang, Jane-Ling},
  journal={Journal of the American statistical association},
  volume={100},
  number={470},
  pages={577--590},
  year={2005},
  publisher={Taylor \& Francis}
}


@article{yao2005functional,
  title={Functional data analysis for sparse longitudinal data},
  author={Yao, Fang and M{\"u}ller, Hans-Georg and Wang, Jane-Ling},
  journal={Journal of the American statistical association},
  volume={100},
  number={470},
  pages={577--590},
  year={2005},
  publisher={Taylor \& Francis}
}


@article{yu2002penalized,
  title={Penalized spline estimation for partially linear single-index models},
  author={Yu, Yan and Ruppert, David},
  journal={Journal of the American Statistical Association},
  volume={97},
  number={460},
  pages={1042--1054},
  year={2002},
  publisher={Taylor \& Francis}
}


@article{wang2009spline,
  title={Spline estimation of single-index models},
  author={Wang, Li and Yang, Lijian},
  journal={Statistica Sinica},
  pages={765--783},
  year={2009},
  publisher={JSTOR}
}


@book{wahba1990spline,
  title={Spline models for observational data},
  author={Wahba, Grace},
  year={1990},
  publisher={SIAM}
}


@article{kimeldorf1970correspondence,
  title={A correspondence between Bayesian estimation on stochastic processes and smoothing by splines},
  author={Kimeldorf, George S and Wahba, Grace},
  journal={The Annals of Mathematical Statistics},
  volume={41},
  number={2},
  pages={495--502},
  year={1970},
  publisher={JSTOR}
}

@book{scholkopf2018learning,
  title={Learning with kernels: support vector machines, regularization, optimization, and beyond},
  author={Scholkopf, Bernhard and Smola, Alexander J},
  year={2018},
  publisher={Adaptive Computation and Machine Learning series}
}


@article{kimeldorf1971some,
  title={Some results on Tchebycheffian spline functions},
  author={Kimeldorf, George and Wahba, Grace},
  journal={Journal of mathematical analysis and applications},
  volume={33},
  number={1},
  pages={82--95},
  year={1971},
  publisher={Elsevier}
}


@inproceedings{scholkopf2001generalized,
  title={A generalized representer theorem},
  author={Sch{\"o}lkopf, Bernhard and Herbrich, Ralf and Smola, Alex J},
  booktitle={International conference on computational learning theory},
  pages={416--426},
  year={2001},
  organization={Springer}
}

@book{murphy2012machine,
  title={Machine learning: a probabilistic perspective},
  author={Murphy, Kevin P},
  year={2012},
  publisher={MIT press}
}


@book{silverman1986density,
  title={Density estimation for statistics and data analysis},
  author={Silverman, Bernard W},
  volume={26},
  year={1986},
  publisher={CRC press}
}


@article{bai2009penalized,
  title={Penalized quadratic inference functions for single-index models with longitudinal data},
  author={Bai, Yang and Fung, Wing K and Zhu, Zhong Yi},
  journal={Journal of Multivariate Analysis},
  volume={100},
  number={1},
  pages={152--161},
  year={2009},
  publisher={Elsevier}
}


@article{eilers2009multivariate,
  title={Multivariate calibration with single-index signal regression},
  author={Eilers, Paul HC and Li, Bin and Marx, Brian D},
  journal={Chemometrics and Intelligent Laboratory Systems},
  volume={96},
  number={2},
  pages={196--202},
  year={2009},
  publisher={Elsevier}
}


@article{friedman2001greedy,
  title={Greedy function approximation: a gradient boosting machine},
  author={Friedman, Jerome H},
  journal={Annals of statistics},
  pages={1189--1232},
  year={2001},
  publisher={JSTOR}
}



@article{ferraty2003modele,
  title={Mod{\`e}le {\`a} indice fonctionnel simple},
  author={Ferraty, Fr{\'e}d{\'e}ric and Peuch, Agn{\`e}s and Vieu, Philippe},
  journal={Comptes Rendus Mathematique},
  volume={336},
  number={12},
  pages={1025--1028},
  year={2003},
  publisher={Elsevier}
}


@article{delsol2011structural,
  title={Structural test in regression on functional variables},
  author={Delsol, Laurent and Ferraty, Fr{\'e}d{\'e}ric and Vieu, Philippe},
  journal={Journal of Multivariate Analysis},
  volume={102},
  number={3},
  pages={422--447},
  year={2011},
  publisher={Elsevier}
}

@article{shang2016bayesian,
  title={A Bayesian approach for determining the optimal semi-metric and bandwidth in scalar-on-function quantile regression with unknown error density and dependent functional data},
  author={Shang, Han Lin},
  journal={Journal of Multivariate Analysis},
  volume={146},
  pages={95--104},
  year={2016},
  publisher={Elsevier}
}


@incollection{ferraty2006functional,
  title={Functional nonparametric statistics in action},
  author={Ferraty, Fr{\'e}d{\'e}ric and Vieu, Philippe},
  booktitle={The art of semiparametrics},
  pages={112--129},
  year={2006},
  publisher={Springer}
}


@article{febrero2013generalized,
  title={Generalized additive models for functional data},
  author={Febrero-Bande, Manuel and Gonz{\'a}lez-Manteiga, Wenceslao},
  journal={Test},
  volume={22},
  number={2},
  pages={278--292},
  year={2013},
  publisher={Springer}
}


@article{ling2018nonparametric,
  title={Nonparametric modelling for functional data: selected survey and tracks for future},
  author={Ling, Nengxiang and Vieu, Philippe},
  journal={Statistics},
  volume={52},
  number={4},
  pages={934--949},
  year={2018},
  publisher={Taylor \& Francis}
}


@article{amiri2014recursive,
  title={Recursive estimation of nonparametric regression with functional covariate},
  author={Amiri, Aboubacar and Crambes, Christophe and Thiam, Baba},
  journal={Computational Statistics \& Data Analysis},
  volume={69},
  pages={154--172},
  year={2014},
  publisher={Elsevier}
}


@article{preda2007regression,
  title={Regression models for functional data by reproducing kernel Hilbert spaces methods},
  author={Preda, Cristian},
  journal={Journal of statistical planning and inference},
  volume={137},
  number={3},
  pages={829--840},
  year={2007},
  publisher={Elsevier}
}


@book{ramsay2005functional,
  title={Functional Data Analysis},
  author={Ramsay, J. and Silverman, B.W.},
  isbn={9780387400808},
  lccn={2005923773},
  series={Springer Series in Statistics},
  url={https://books.google.ca/books?id=mU3dop5wY\_4C},
  year={2005},
  publisher={Springer}
}


@InProceedings{kadri2010nonlinear,
  title = 	 {Nonlinear functional regression: a functional RKHS approach},
  author = 	 {Hachem Kadri and Emmanuel Duflos and Philippe Preux and StÃ©phane Canu and Manuel Davy},
  pages = 	 {374--380},
  year = 	 {2010},
  volume = 	 {9},
  series = 	 {Proceedings of Machine Learning Research},
 }




@article{avery2014rkhs,
  title={RKHS-based functional nonparametric regression for sparse and irregular longitudinal data},
  author={Avery, Matthew and Wu, Yichao and Helen Zhang, Hao and Zhang, Jiajia},
  journal={Canadian Journal of Statistics},
  volume={42},
  number={2},
  pages={204--216},
  year={2014},
  publisher={Wiley Online Library}
}

@article{berlinet2011local,
  title={Local linear regression for functional data},
  author={Berlinet, Alain and Elamine, Abdallah and Mas, Andr{\'e}},
  journal={Annals of the Institute of Statistical Mathematics},
  volume={63},
  number={5},
  pages={1047--1075},
  year={2011},
  publisher={Springer}
}


@article{barrientos2010locally,
  title={Locally modelled regression and functional data},
  author={Barrientos-Marin, J and Ferraty, Fr{\'e}d{\'e}ric and Vieu, Philippe},
  journal={Journal of Nonparametric Statistics},
  volume={22},
  number={5},
  pages={617--632},
  year={2010},
  publisher={Taylor \& Francis}
}


@article{muller2005generalized,
  title={Generalized functional linear models},
  author={M{\"u}ller, Hans-Georg and Stadtm{\"u}ller, Ulrich and others},
  journal={the Annals of Statistics},
  volume={33},
  number={2},
  pages={774--805},
  year={2005},
  publisher={Institute of Mathematical Statistics}
}


@article{tucker2019elastic,
  title={Elastic functional principal component regression},
  author={Tucker, J Derek and Lewis, John R and Srivastava, Anuj},
  journal={Statistical Analysis and Data Mining: The ASA Data Science Journal},
  volume={12},
  number={2},
  pages={101--115},
  year={2019},
  publisher={Wiley Online Library}
}


@article{reiss2007functional,
  title={Functional principal component regression and functional partial least squares},
  author={Reiss, Philip T and Ogden, R Todd},
  journal={Journal of the American Statistical Association},
  volume={102},
  number={479},
  pages={984--996},
  year={2007},
  publisher={Taylor \& Francis}
}

@article{randolph2012structured,
  title={Structured penalties for functional linear models—partially empirical eigenvectors for regression},
  author={Randolph, Timothy W and Harezlak, Jaroslaw and Feng, Ziding},
  journal={Electronic journal of statistics},
  volume={6},
  pages={323},
  year={2012},
  publisher={NIH Public Access}
}

@article{zhao2012wavelet,
  title={Wavelet-based LASSO in functional linear regression},
  author={Zhao, Yihong and Ogden, R Todd and Reiss, Philip T},
  journal={Journal of computational and graphical statistics},
  volume={21},
  number={3},
  pages={600--617},
  year={2012},
  publisher={Taylor \& Francis}
}



@article{ramsay2004functional,
  title={Functional data analysis},
  author={Ramsay, James O},
  journal={Encyclopedia of Statistical Sciences},
  volume={4},
  year={2004},
  publisher={Wiley Online Library}
}


@article{reiss2017methods,
  title={Methods for scalar-on-function regression},
  author={Reiss, Philip T and Goldsmith, Jeff and Shang, Han Lin and Ogden, R Todd},
  journal={International Statistical Review},
  volume={85},
  number={2},
  pages={228--249},
  year={2017},
  publisher={Wiley Online Library}
}


@article{morris2015functional,
  title={Functional regression},
  author={Morris, Jeffrey S},
  journal={Annual Review of Statistics and Its Application},
  volume={2},
  pages={321--359},
  year={2015},
  publisher={Annual Reviews}
}


@article{wen2013feasible,
  title={A feasible method for optimization with orthogonality constraints},
  author={Wen, Zaiwen and Yin, Wotao},
  journal={Mathematical Programming},
  volume={142},
  number={1-2},
  pages={397--434},
  year={2013},
  publisher={Springer}
}


@book{green1993nonparametric,
  title={Nonparametric regression and generalized linear models: a roughness penalty approach},
  author={Green, Peter J and Silverman, Bernard W},
  year={1993},
  publisher={Crc Press}
}


@book{silverman1986density,
  title={Density estimation for statistics and data analysis},
  author={Silverman, Bernard W},
  volume={26},
  year={1986},
  publisher={CRC press}
}

@article{kuchibhotla2020efficient,
  title={Efficient estimation in single index models through smoothing splines},
  author={Kuchibhotla, Arun K and Patra, Rohit K and others},
  journal={Bernoulli},
  volume={26},
  number={2},
  pages={1587--1618},
  year={2020},
  publisher={Bernoulli Society for Mathematical Statistics and Probability}
}

@article{kuchibhotla2017efficient,
  title={Efficient estimation in convex single index models},
  author={Kuchibhotla, Arun K and Patra, Rohit K and Sen, Bodhisattva},
  journal={arXiv preprint arXiv:1708.00145},
  year={2017},
  publisher={working paper, The Wharton School, University of Pennsylvania}
}


@article{kuchibhotla2016efficient,
  title={Efficient estimation in single index models through smoothing splines},
  author={Kuchibhotla, Arun Kumar and Patra, Rohit Kumar},
  journal={arXiv preprint arXiv:1612.00068},
  year={2016}
}

@article{wang2009spline,
  title={Spline estimation of single-index models},
  author={Wang, Li and Yang, Lijian},
  journal={Statistica Sinica},
  pages={765--783},
  year={2009},
  publisher={JSTOR}
}

@article{hristache2001direct,
  title={Direct estimation of the index coefficient in a single-index model},
  author={Hristache, Marian and Juditsky, Anatoli and Spokoiny, Vladimir},
  journal={Annals of Statistics},
  pages={595--623},
  year={2001},
  publisher={JSTOR}
}

@book{li2007nonparametric,
  title={Nonparametric econometrics: theory and practice},
  author={Li, Qi and Racine, Jeffrey Scott},
  year={2007},
  publisher={Princeton University Press}
}


@article{cui2011efm,
  title={The EFM approach for single-index models},
  author={Cui, Xia and H{\"a}rdle, Wolfgang Karl and Zhu, Lixing and others},
  journal={The Annals of Statistics},
  volume={39},
  number={3},
  pages={1658--1688},
  year={2011},
  publisher={Institute of Mathematical Statistics}
}


@article{powell1989semiparametric,
  title={Semiparametric estimation of index coefficients},
  author={Powell, James L and Stock, James H and Stoker, Thomas M},
  journal={Econometrica: Journal of the Econometric Society},
  pages={1403--1430},
  year={1989},
  publisher={JSTOR}
}
@article{hardle1989investigating,
  title={Investigating smooth multiple regression by the method of average derivatives},
  author={H{\"a}rdle, Wolfgang and Stoker, Thomas M},
  journal={Journal of the American statistical Association},
  volume={84},
  number={408},
  pages={986--995},
  year={1989},
  publisher={Taylor \& Francis}
}

@article{hardle1993optimal,
  title={Optimal smoothing in single-index models},
  author={Hardle, Wolfgang and Hall, Peter and Ichimura, Hidehiko},
  journal={The annals of Statistics},
  pages={157--178},
  year={1993},
  publisher={JSTOR}
}

@article{ichimura1993semiparametric,
  title={Semiparametric least squares (SLS) and weighted SLS estimation of single-index models},
  author={Ichimura, Hidehiko},
  journal={Journal of Econometrics},
  volume={58},
  number={1-2},
  pages={71--120},
  year={1993},
  publisher={Elsevier}
}


@article{ferraty2010most,
  title={Most-predictive design points for functional data predictors},
  author={Ferraty, Fr{\'e}d{\'e}ric and Hall, P and Vieu, Philippe},
  journal={Biometrika},
  volume={97},
  number={4},
  pages={807--824},
  year={2010},
  publisher={Oxford University Press}
}


@article{chen2012conditional,
  title={Conditional quantile analysis when covariates are functions, with application to growth data},
  author={Chen, Kehui and M{\"u}ller, Hans-Georg},
  journal={Journal of the Royal Statistical Society: Series B (Statistical Methodology)},
  volume={74},
  number={1},
  pages={67--89},
  year={2012},
  publisher={Wiley Online Library}
}


@article{zhu2014structured,
  title={Structured functional additive regression in reproducing kernel Hilbert spaces},
  author={Zhu, Hongxiao and Yao, Fang and Zhang, Hao Helen},
  journal={Journal of the Royal Statistical Society. Series B, Statistical methodology},
  volume={76},
  number={3},
  pages={581},
  year={2014},
  publisher={NIH Public Access}
}

@article{aneiros2006semi,
  title={Semi-functional partial linear regression},
  author={Aneiros-P{\'e}rez, Germ{\'a}n and Vieu, Philippe},
  journal={Statistics \& Probability Letters},
  volume={76},
  number={11},
  pages={1102--1110},
  year={2006},
  publisher={Elsevier}
}


@article{qingguo2015estimation,
  title={Estimation for semi-functional linear regression},
  author={Qingguo, Tang},
  journal={Statistics},
  volume={49},
  number={6},
  pages={1262--1278},
  year={2015},
  publisher={Taylor \& Francis}
}


@article{reiss2007functional,
  title={Functional principal component regression and functional partial least squares},
  author={Reiss, Philip T and Ogden, R Todd},
  journal={Journal of the American Statistical Association},
  volume={102},
  number={479},
  pages={984--996},
  year={2007},
  publisher={Taylor \& Francis}
}


@article{boente2017robust,
  title={Robust estimators in semi-functional partial linear regression models},
  author={Boente, Graciela and Vahnovan, Alejandra},
  journal={Journal of Multivariate Analysis},
  volume={154},
  pages={59--84},
  year={2017},
  publisher={Elsevier}
}

@article{boente2020robust,
  title={Robust estimation for semi-functional linear regression models},
  author={Boente, Graciela and Salibian-Barrera, Mat{\'\i}as and Vena, Pablo},
  journal={Computational Statistics \& Data Analysis},
  pages={107041},
  year={2020},
  publisher={Elsevier}
}

@article{lin2019boosted,
  title={Boosted Kernel Ridge Regression: Optimal Learning Rates and Early Stopping.},
  author={Lin, Shao-Bo and Lei, Yunwen and Zhou, Ding-Xuan},
  journal={J. Mach. Learn. Res.},
  volume={20},
  pages={46--1},
  year={2019}
}


@book{ferraty2006nonparametric,
  title={Nonparametric functional data analysis: theory and practice},
  author={Ferraty, Fr{\'e}d{\'e}ric and Vieu, Philippe},
  year={2006},
  publisher={Springer Science \& Business Media}
}


@article{wang2017robust,
  title={Robust functional sliced inverse regression},
  author={Wang, Guochang and Zhou, Jianjun and Wu, Wuqing and Chen, Min},
  journal={Statistical papers},
  volume={58},
  number={1},
  pages={227--245},
  year={2017},
  publisher={Springer}
}


@article{muller2013continuously,
  title={Continuously additive models for nonlinear functional regression},
  author={M{\"u}ller, Hans-Georg and Wu, Yichao and Yao, Fang},
  journal={Biometrika},
  volume={100},
  number={3},
  pages={607--622},
  year={2013},
  publisher={Oxford University Press}
}

@article{zhang2019functional,
  title={Functional polynomial multiple-index model},
  author={Zhang, Tao and Huo, Haifeng and Wan, Yanling},
  journal={Communications in Statistics-Simulation and Computation},
  pages={1--14},
  year={2019},
  publisher={Taylor \& Francis}
}

@article{duan1991slicing,
  title={Slicing regression: a link-free regression method},
  author={Duan, Naihua and Li, Ker-Chau},
  journal={The Annals of Statistics},
  pages={505--530},
  year={1991},
  publisher={JSTOR}
}


@article{li2010deciding,
  title={Deciding the dimension of effective dimension reduction space for functional and high-dimensional data},
  author={Li, Yehua and Hsing, Tailen and others},
  journal={The Annals of Statistics},
  volume={38},
  number={5},
  pages={3028--3062},
  year={2010},
  publisher={Institute of Mathematical Statistics}
}


@article{li1991sliced,
  title={Sliced inverse regression for dimension reduction},
  author={Li, Ker-Chau},
  journal={Journal of the American Statistical Association},
  volume={86},
  number={414},
  pages={316--327},
  year={1991},
  publisher={Taylor \& Francis Group}
}


@article{ferraty2010validity,
  title={On the Validity of the Bootstrap in Non-Parametric Functional Regression},
  author={Ferraty, Fr{\'e}d{\'e}ric and KEILEGOM, INGRID VAN and Vieu, Philippe},
  journal={Scandinavian Journal of Statistics},
  volume={37},
  number={2},
  pages={286--306},
  year={2010},
  publisher={Wiley Online Library}
}

@article{sang2020functional,
  title={Functional single-index quantile regression models},
  author={Sang, Peijun and Cao, Jiguo},
  journal={Statistics and Computing},
  pages={1--11},
  year={2020},
  publisher={Springer}
}


@article{goia2015partitioned,
  title={A partitioned single functional index model},
  author={Goia, Aldo and Vieu, Philippe},
  journal={Computational Statistics},
  volume={30},
  number={3},
  pages={673--692},
  year={2015},
  publisher={Springer}
}

@article{baillo2009local,
  title={Local linear regression for functional predictor and scalar response},
  author={Ba{\'\i}llo, Amparo and Gran{\'e}, Aurea},
  journal={Journal of Multivariate Analysis},
  volume={100},
  number={1},
  pages={102--111},
  year={2009},
  publisher={Elsevier}
}

@article{goia2014some,
  title={Some advances on semi-parametric functional data modelling},
  author={Goia, Aldo and Vieu, Philippe},
  journal={Contributions in infinite-dimensional statistics and related topics},
  pages={135--140},
  year={2014},
  publisher={Esculapio Bologna}
}

@article{ait2008cross,
  title={Cross-validated estimations in the single-functional index model},
  author={Ait-Sa{\"\i}di, Ahmed and Ferraty, Frederic and Kassa, Rabah and Vieu, Philippe},
  journal={Statistics},
  volume={42},
  number={6},
  pages={475--494},
  year={2008},
  publisher={Taylor \& Francis}
}


@article{burba2009k,
  title={k-Nearest Neighbour method in functional nonparametric regression},
  author={Burba, Florent and Ferraty, Fr{\'e}d{\'e}ric and Vieu, Philippe},
  journal={Journal of Nonparametric Statistics},
  volume={21},
  number={4},
  pages={453--469},
  year={2009},
  publisher={Taylor \& Francis}
}


@article{chen2011single,
  title={Single and multiple index functional regression models with nonparametric link},
  author={Chen, Dong and Hall, Peter and M{\"u}ller, Hans-Georg and others},
  journal={The Annals of Statistics},
  volume={39},
  number={3},
  pages={1720--1747},
  year={2011},
  publisher={Institute of Mathematical Statistics}
}


@article{muller2005generalized,
  title={Generalized functional linear models},
  author={M{\"u}ller, Hans-Georg and Stadtm{\"u}ller, Ulrich and others},
  journal={the Annals of Statistics},
  volume={33},
  number={2},
  pages={774--805},
  year={2005},
  publisher={Institute of Mathematical Statistics}
}

@article{dou2012estimation,
  title={Estimation in functional regression for general exponential families},
  author={Dou, Winston Wei and Pollard, David and Zhou, Harrison H and others},
  journal={The Annals of Statistics},
  volume={40},
  number={5},
  pages={2421--2451},
  year={2012},
  publisher={Institute of Mathematical Statistics}
}


@article{cardot2005estimation,
  title={Estimation in generalized linear models for functional data via penalized likelihood},
  author={Cardot, Herv{\'e} and Sarda, Pacal},
  journal={Journal of Multivariate Analysis},
  volume={92},
  number={1},
  pages={24--41},
  year={2005},
  publisher={Elsevier}
}

@article{cardot2003spline,
  title={Spline estimators for the functional linear model},
  author={Cardot, Herv{\'e} and Ferraty, Fr{\'e}d{\'e}ric and Sarda, Pascal},
  journal={Statistica Sinica},
  pages={571--591},
  year={2003},
  publisher={JSTOR}
}


@article{james2002generalized,
  title={Generalized linear models with functional predictors},
  author={James, Gareth M},
  journal={Journal of the Royal Statistical Society: Series B (Statistical Methodology)},
  volume={64},
  number={3},
  pages={411--432},
  year={2002},
  publisher={Wiley Online Library}
}


@article{ichimura1991semiparametric,
  title={Semiparametric least squares (SLS) and weighted SLS estimation of single-index models},
  author={Ichimura, Hidehiko},
  year={1991},
  publisher={Center for Economic Research, Department of Economics, University of Minnesota}
}


@book{hardle2012nonparametric,
  title={Nonparametric and semiparametric models},
  author={H{\"a}rdle, Wolfgang Karl and M{\"u}ller, Marlene and Sperlich, Stefan and Werwatz, Axel},
  year={2012},
  publisher={Springer Science \& Business Media}
}


@article{davenport2018functional,
  title={Functional interaction--based nonlinear models with application to multiplatform genomics data},
  author={Davenport, Clemontina A and Maity, Arnab and Baladandayuthapani, Veerabhadran},
  journal={Statistics in medicine},
  volume={37},
  number={18},
  pages={2715--2733},
  year={2018},
  publisher={Wiley Online Library}
}



@article{yang2013ecological,
  title={Ecological prediction with nonlinear multivariate time-frequency functional data models},
  author={Yang, Wen-Hsi and Wikle, Christopher K and Holan, Scott H and Wildhaber, Mark L},
  journal={Journal of agricultural, biological, and environmental statistics},
  volume={18},
  number={3},
  pages={450--474},
  year={2013},
  publisher={Springer}
}

@article{fuchs2015penalized,
  title={Penalized scalar-on-functions regression with interaction term},
  author={Fuchs, Karen and Scheipl, Fabian and Greven, Sonja},
  journal={Computational Statistics \& Data Analysis},
  volume={81},
  pages={38--51},
  year={2015},
  publisher={Elsevier}
}




@article{cao2009functional,
  title={Functional data classification with kernel-induced random forests},
  author={Cao, Jiguo and Fan, Guangzhe},
  journal={Preprint: http://people. stat. sfu. ca/\~{} cao/Research/FunctionalDataClassification},
  year={2009}
}

@inproceedings{balakrishnan2006decision,
  title={Decision trees for functional variables},
  author={Balakrishnan, Suhrid and Madigan, David},
  booktitle={Sixth International Conference on Data Mining (ICDM'06)},
  pages={798--802},
  year={2006},
  organization={IEEE}
}


@article{usset2016interaction,
  title={Interaction models for functional regression},
  author={Usset, Joseph and Staicu, Ana-Maria and Maity, Arnab},
  journal={Computational statistics \& data analysis},
  volume={94},
  pages={317--329},
  year={2016},
  publisher={Elsevier}
}


@article{ferraty2019scalar,
  title={Scalar-on-function local linear regression and beyond},
  author={Ferraty, Fr{\'e}d{\'e}ric and Nagy, Stanislav},
  journal={arXiv preprint arXiv:1907.08074},
  year={2019}
}

@article{ferraty2011recent,
  title={Recent advances on functional additive regression},
  author={Ferraty, Fr{\'e}d{\'e}ric and Goia, Aldo and Salinelli, Enersto and Vieu, Philippe},
  booktitle={Recent Advances in Functional Data Analysis and Related Topics},
  pages={97--102},
  year={2011},
  publisher={Springer}
}

@article{zhang2015varying,
  title={Varying-coefficient additive models for functional data},
  author={Zhang, Xiaoke and Wang, Jane-Ling},
  journal={Biometrika},
  volume={102},
  number={1},
  pages={15--32},
  year={2015},
  publisher={Oxford University Press}
}

@article{jiang2011functional,
  title={Functional single index models for longitudinal data},
  author={Jiang, Ci-Ren and Wang, Jane-Ling and others},
  journal={The Annals of Statistics},
  volume={39},
  number={1},
  pages={362--388},
  year={2011},
  publisher={Institute of Mathematical Statistics}
}



@article{ma2016estimation,
  title={Estimation and inference in functional single-index models},
  author={Ma, Shujie},
  journal={Annals of the Institute of Statistical Mathematics},
  volume={68},
  number={1},
  pages={181--208},
  year={2016},
  publisher={Springer}
}




@article{ye2018local,
  title={Local quadratic estimation of the curvature in a functional single index model},
  author={Ye, Zi and Hooker, Giles},
  journal={arXiv preprint arXiv:1803.09321},
  year={2018}
}



@article{muller2008functional,
  title={Functional additive models},
  author={M{\"u}ller, Hans-Georg and Yao, Fang},
  journal={Journal of the American Statistical Association},
  volume={103},
  number={484},
  pages={1534--1544},
  year={2008},
  publisher={Taylor \& Francis}
}


@article{fan2015functional,
  title={Functional additive regression},
  author={Fan, Yingying and James, Gareth M and Radchenko, Peter and others},
  journal={The Annals of Statistics},
  volume={43},
  number={5},
  pages={2296--2325},
  year={2015},
  publisher={Institute of Mathematical Statistics}
}

@article{febrero2013generalized,
  title={Generalized additive models for functional data},
  author={Febrero-Bande, Manuel and Gonz{\'a}lez-Manteiga, Wenceslao},
  journal={Test},
  volume={22},
  number={2},
  pages={278--292},
  year={2013},
  publisher={Springer}
}

@article{mclean2014functional,
  title={Functional generalized additive models},
  author={McLean, Mathew W and Hooker, Giles and Staicu, Ana-Maria and Scheipl, Fabian and Ruppert, David},
  journal={Journal of Computational and Graphical Statistics},
  volume={23},
  number={1},
  pages={249--269},
  year={2014},
  publisher={Taylor \& Francis}
}

@article{kramer2006boosting,
  title={Boosting for functional data},
  author={Kr{\"a}mer, Nicole},
  journal={arXiv preprint math/0605751},
  year={2006}
}



@article{ferraty2009additive,
  title={Additive prediction and boosting for functional data},
  author={Ferraty, Fr{\'e}d{\'e}ric and Vieu, Philippe},
  journal={Computational Statistics \& Data Analysis},
  volume={53},
  number={4},
  pages={1400--1413},
  year={2009},
  publisher={Elsevier}
}


@article{tutz2010feature,
  title={Feature extraction in signal regression: a boosting technique for functional data regression},
  author={Tutz, Gerhard and Gertheiss, Jan},
  journal={Journal of Computational and Graphical Statistics},
  volume={19},
  number={1},
  pages={154--174},
  year={2010},
  publisher={Taylor \& Francis}
}


@phdthesis{brockhaus2016boosting,
  title={Boosting functional regression models},
  author={Brockhaus, Sarah},
  year={2016},
  school={lmu}
}

@article{james2005functional,
  title={Functional adaptive model estimation},
  author={James, Gareth M and Silverman, Bernard W},
  journal={Journal of the American Statistical Association},
  volume={100},
  number={470},
  pages={565--576},
  year={2005},
  publisher={Taylor \& Francis}
}


@article{gasser1991flexible,
  title={A flexible and fast method for automatic smoothing},
  author={Gasser, Theo and Kneip, Alois and K{\"o}hler, Walter},
  journal={Journal of the american statistical association},
  volume={86},
  number={415},
  pages={643--652},
  year={1991},
  publisher={Taylor \& Francis Group}
}


@article{ferraty2013functional,
  title={Functional projection pursuit regression},
  author={Ferraty, Fr{\'e}d{\'e}ric and Goia, Aldo and Salinelli, Ernesto and Vieu, Philippe},
  journal={Test},
  volume={22},
  number={2},
  pages={293--320},
  year={2013},
  publisher={Springer}
}

@article{amato2006dimension,
  title={Dimension reduction in functional regression with applications},
  author={Amato, Umberto and Antoniadis, Anestis and De Feis, Italia},
  journal={Computational Statistics \& Data Analysis},
  volume={50},
  number={9},
  pages={2422--2446},
  year={2006},
  publisher={Elsevier}
}

@article{sangfunctional,
  title={Functional single-index quantile regression models},
  author={Sang, Peijun and Cao, Jiguo},
  journal={Statistics and Computing},
  pages={1--11},
  publisher={Springer},
     year={2020}
}


@article{jiang2020functional,
  title={A Functional Single Index Model},
  author={Jiang, Fei and Baek, Seungchul and Cao, Jiguo and Ma, Yanyuan},
  journal={Statistica Sinica},
  volume={30},
  pages={303--324},
  year={2020}
}


