@article{ju2021robust,
  title={Robust boosting for regression problems},
  author={Ju, Xiaomeng and Salibi{\'a}n-Barrera, Mat{\'\i}as},
  journal={Computational Statistics \& Data Analysis},
  volume={153},
  pages={107065},
  year={2021},
  publisher={Elsevier}
}


@article{qingguo2017quantile,
  title={Quantile regression in functional linear semiparametric model},
  author={Qingguo, Tang and Kong, Linglong},
  journal={Statistics},
  volume={51},
  number={6},
  pages={1342--1358},
  year={2017},
  publisher={Taylor \& Francis}
}


@article{crambes2013support,
  title={Support vector machine quantile regression approach for functional data: Simulation and application studies},
  author={Crambes, Christophe and Gannoun, Ali and Henchiri, Yousri},
  journal={Journal of Multivariate Analysis},
  volume={121},
  pages={50--68},
  year={2013},
  publisher={Elsevier}
}


@article{al2019functional,
  title={Functional data analysis: local linear estimation of the   L1-conditional quantiles},
  author={Al-Awadhi, Fahimah A and Kaid, Zoulikha and Laksaci, Ali and Ouassou, Idir and Rachdi, Mustapha},
  journal={Statistical Methods \& Applications},
  volume={28},
  number={2},
  pages={217--240},
  year={2019},
  publisher={Springer}
}


@article{sang2020functional,
  title={Functional single-index quantile regression models},
  author={Sang, Peijun and Cao, Jiguo},
  journal={Statistics and Computing},
  pages={1--11},
  year={2020},
  publisher={Springer}
}


@article{chen2012conditional,
  title={Conditional quantile analysis when covariates are functions, with application to growth data},
  author={Chen, Kehui and M{\"u}ller, Hans-Georg},
  journal={Journal of the Royal Statistical Society: Series B (Statistical Methodology)},
  volume={74},
  number={1},
  pages={67--89},
  year={2012},
  publisher={Wiley Online Library}
}

@article{ferraty2005conditional,
  title={Conditional quantiles for dependent functional data with application to the climatic" el ni{\~n}o" phenomenon},
  author={Ferraty, Fr{\'e}d{\'e}ric and Rabhi, Abbes and Vieu, Philippe},
  journal={Sankhy{\=a}: The Indian Journal of Statistics},
  pages={378--398},
  year={2005},
  publisher={JSTOR}
}


@incollection{kaid2017functional,
  title={Functional quantile regression: local linear modelisation},
  author={Kaid, Zoulikha and Laksaci, Ali},
  booktitle={Functional Statistics and Related Fields},
  pages={155--160},
  year={2017},
  publisher={Springer}
}


@article{kato2012estimation,
  title={Estimation in functional linear quantile regression},
  author={Kato, Kengo},
  journal={The Annals of Statistics},
  volume={40},
  number={6},
  pages={3108--3136},
  year={2012},
  publisher={Institute of Mathematical Statistics}
}


@article{cardot2005quantile,
  title={Quantile regression when the covariates are functions},
  author={Cardot, Herv{\'e} and Crambes, Christophe and Sarda, Pascal},
  journal={Nonparametric Statistics},
  volume={17},
  number={7},
  pages={841--856},
  year={2005},
  publisher={Taylor \& Francis}
}


@article{ferraty2002functional,
  title={The functional nonparametric model and application to spectrometric data},
  author={Ferraty, Fr{\'e}d{\'e}ric and Vieu, Philippe},
  journal={Computational Statistics},
  volume={17},
  number={4},
  pages={545--564},
  year={2002},
  publisher={Springer}
}

@article{hyndman2010rainbow,
  title={Rainbow plots, bagplots, and boxplots for functional data},
  author={Hyndman, Rob J and Shang, Han Lin},
  journal={Journal of Computational and Graphical Statistics},
  volume={19},
  number={1},
  pages={29--45},
  year={2010},
  publisher={Taylor \& Francis}
}

@article{dai2020functional,
  title={Functional outlier detection and taxonomy by sequential transformations},
  author={Dai, Wenlin and Mrkvi{\v{c}}ka, Tom{\'a}{\v{s}} and Sun, Ying and Genton, Marc G},
  journal={Computational Statistics \& Data Analysis},
  volume={149},
  pages={106960},
  year={2020},
  publisher={Elsevier}
}

@article{arribas2014shape,
  title={Shape outlier detection and visualization for functional data: the outliergram},
  author={Arribas-Gil, Ana and Romo, Juan},
  journal={Biostatistics},
  volume={15},
  number={4},
  pages={603--619},
  year={2014},
  publisher={Oxford University Press}
}


@article{rousseeuw1990unmasking,
  title={Unmasking multivariate outliers and leverage points},
  author={Rousseeuw, Peter J and Van Zomeren, Bert C},
  journal={Journal of the American Statistical association},
  volume={85},
  number={411},
  pages={633--639},
  year={1990},
  publisher={Taylor \& Francis}
}



@article{ferraty2013functional,
  title={Functional projection pursuit regression},
  author={Ferraty, Fr{\'e}d{\'e}ric and Goia, Aldo and Salinelli, Ernesto and Vieu, Philippe},
  journal={Test},
  volume={22},
  number={2},
  pages={293--320},
  year={2013},
  publisher={Springer}
}

@article{mclean2014functional,
  title={Functional generalized additive models},
  author={McLean, Mathew W and Hooker, Giles and Staicu, Ana-Maria and Scheipl, Fabian and Ruppert, David},
  journal={Journal of Computational and Graphical Statistics},
  volume={23},
  number={1},
  pages={249--269},
  year={2014},
  publisher={Taylor \& Francis}
}



@article{crambes2008robust,
  title={Robust nonparametric estimation for functional data},
  author={Crambes, Christophe and Delsol, Laurent and Laksaci, Ali},
  journal={Journal of Nonparametric Statistics},
  volume={20},
  number={7},
  pages={573--598},
  year={2008},
  publisher={Taylor \& Francis}
}


@article{chambers2004robust,
  title={Robust automatic methods for outlier and error detection},
  author={Chambers, Ray and Hentges, Adao and Zhao, Xinqiang},
  journal={Journal of the Royal Statistical Society: Series A (Statistics in Society)},
  volume={167},
  number={2},
  pages={323--339},
  year={2004},
  publisher={Wiley Online Library}
}


@article{lutz2008robustified,
  title={Robustified L2 boosting},
  author={Lutz, Roman Werner and Kalisch, Markus and B{\"u}hlmann, Peter},
  journal={Computational Statistics \& Data Analysis},
  volume={52},
  number={7},
  pages={3331--3341},
  year={2008},
  publisher={Elsevier}
}


@inproceedings{yang2019robust,
  title={On the robust splitting criterion of random forest},
  author={Yang, Bin-Bin and Gao, Wei and Li, Ming},
  booktitle={2019 IEEE International Conference on Data Mining (ICDM)},
  pages={1420--1425},
  year={2019},
  organization={IEEE}
}


@article{qingguo2017m,
  title={M-estimation for functional linear regression},
  author={Qingguo, Tang},
  journal={Communications in Statistics-Theory and Methods},
  volume={46},
  number={8},
  pages={3782--3800},
  year={2017},
  publisher={Taylor \& Francis}
}


@article{maronna2013robust,
  title={Robust functional linear regression based on splines},
  author={Maronna, Ricardo A and Yohai, Victor J},
  journal={Computational Statistics \& Data Analysis},
  volume={65},
  pages={46--55},
  year={2013},
  publisher={Elsevier}
}


@article{boente2020robust,
  title={Robust estimation for semi-functional linear regression models},
  author={Boente, Graciela and Salibian-Barrera, Mat{\'\i}as and Vena, Pablo},
  journal={Computational Statistics \& Data Analysis},
  volume={152},
  pages={107041},
  year={2020},
  publisher={Elsevier}
}

@article{shin2016rkhs,
  title={An RKHS approach to robust functional linear regression},
  author={Shin, Hyejin and Lee, Seokho},
  journal={Statistica Sinica},
  pages={255--272},
  year={2016},
  publisher={JSTOR}
}
@article{wang2017robust,
  title={Robust functional sliced inverse regression},
  author={Wang, Guochang and Zhou, Jianjun and Wu, Wuqing and Chen, Min},
  journal={Statistical papers},
  volume={58},
  number={1},
  pages={227--245},
  year={2017},
  publisher={Springer}
}

@article{kalogridis2019robust,
  title={Robust functional regression based on principal components},
  author={Kalogridis, Ioannis and Van Aelst, Stefan},
  journal={Journal of Multivariate Analysis},
  volume={173},
  pages={393--415},
  year={2019},
  publisher={Elsevier}
}


@article{cai2020robust,
  title={Robust estimation with modified Huber's function for functional linear models},
  author={Cai, Xiong and Xue, Liugen and Wang, Zhaoliang},
  journal={Statistics},
  pages={1--11},
  year={2020},
  publisher={Taylor \& Francis}
}


@article{huang2015sieve,
  title={Sieve M-estimator for a semi-functional linear model},
  author={Huang, LeLe and Wang, HuiWen and Cui, HengJian and Wang, SiYang},
  journal={Science China Mathematics},
  volume={58},
  number={11},
  pages={2421--2434},
  year={2015},
  publisher={Springer}
}
